@BOOK{MN2:1,
    AUTHOR="Joan Carles Tatjer",
    TITLE="Mètodes Numèrics II",
    YEAR="2020",
    PUBLISHER="UB",
}
